@online{Deep_learning,
author = {Yichen Yang et al.},
title = {Equality Saturation for Tensor Graph Superoptimization},
url = {https://arxiv.org/abs/2101.01332}
}

@online{CMT,
author = {Leonardo de Moura and Nikolaj Bjørner},
title = {Z3: An Efficient SMT Solver},
url = {https://link.springer.com/chapter/10.1007/978-3-540-78800-3_24}
}

@online{Lean,
author = {Marcus Rossel, Andrés Goens},
title = {Bridging Syntax and Semantics of Lean Expressions in E-Graphs},
url = {https://pldi24.sigplan.org/details/egraphs-2024-papers/11/Bridging-Syntax-and-Semantics-of-Lean-Expressions-in-E-Graphs}
}
